@misc{Kenneth19stages,
  author          = {Kenneth},
  title           = {The 4 Stages Of IoT Architecture (2020 Ultimate Guide)},
  year            = 2019,
  month           = 12,
  url             = {https://robots.net/it/4-stages-of-iot-architecture/},
}

@article{gubbi13iot,
  author          = {Gubbi, Jayavardhana and Buyya, Rajkumar \& Marusic, Slaven
                  \& Palaniswami, Marimuthu},
  title           = {Internet of Things (IoT): a Vision, Architectural Elements,
                  and Future Directions},
  journal         = {Future generation computer systems},
  volume          = 29,
  number          = 7,
  pages           = {1645--1660},
  year            = 2013,
  publisher       = {Elsevier},
}

@misc{javat,
  author          = {{Javatpoint}},
  title           = {IoT Tutorial | Internet of Things Tutorial},
  url             = {https://www.javatpoint.com/iot-internet-of-things},
}

@article{khan18iot,
  author          = {Khan, Minhaj Ahmad \& Salah, Khaled},
  title           = {Iot Security: Review, Blockchain Solutions, and Open
                  Challenges},
  journal         = {Future Generation Computer Systems},
  volume          = 82,
  pages           = {395--411},
  year            = 2018,
  publisher       = {Elsevier},
}

@article{lee15iot,
  author          = {Lee, In \& Lee, Kyoochun},
  title           = {The Internet of Things (IoT): Applications, Investments,
                  and Challenges for Enterprises},
  journal         = {Business Horizons},
  volume          = 58,
  number          = 4,
  pages           = {431--440},
  year            = 2015,
  url             =
                  {https://fardapaper.ir/mohavaha/uploads/2018/03/Fardapaper-The-Internet-of-Things-IoT-Applications-investments-and-challenges-for-enterprises.pdf},
  publisher       = {Elsevier},
}

@misc{sarv19layers,
  author          = {Sarveshbhatt},
  month           = 6,
  title           = {Four Layer and Seven Layer Architecture in the Internet of
                  Things},
  url             =
                  {https://techtalkwithbhatt.com/2019/06/02/four-layer-and-seven-layer-architecture-in-the-internet-of-things/},
  year            = 2019,
}

@misc{u42-report,
  author          = {{Unit 42}},
  title           = {2020 Unit 42 IoT Threat Report},
  year            = 2020,
  month           = 3,
  url             =
                  {https://unit42.paloaltonetworks.com/iot-threat-report-2020/},
}

@misc{vad18layers,
  author          = {Vadakkanmarveettil, Jyotsna},
  year            = 2018,
  month           = 10,
  title           = {4 Layers of the Internet of Things},
  url             =
                  {https://www.jigsawacademy.com/4-layers-of-the-internet-of-things/},
}

@misc{wp:iot,
  author          = {{Wikipedia}},
  title           = {Internet of things},
  url             =
                  {https://en.wikipedia.org/wiki/Internet_of_things&oldid=979730325},
}
